@article{de2015artificial,
  title={Artificial Neural Networks Applied to Taxi Destination Prediction},
  author={de Br{\'e}bisson, Alexandre and Simon, {\'E}tienne and Auvolat, Alex and Vincent14, Pascal and Bengio14, Yoshua},
  journal={ECML-PKDD-DCs},
  year={2015}
}

@inproceedings{xue2013destination,
  title={Destination prediction by sub-trajectory synthesis and privacy protection against such prediction},
  author={Xue, Andy Yuan and Zhang, Rui and Zheng, Yu and Xie, Xing and Huang, Jin and Xu, Zhenghua},
  booktitle={Data Engineering (ICDE), 2013 IEEE 29th International Conference on},
  pages={254--265},
  year={2013},
  organization={IEEE}
}

@article{xue2015solving,
  title={Solving the data sparsity problem in destination prediction},
  author={Xue, Andy Yuan and Qi, Jianzhong and Xie, Xing and Zhang, Rui and Huang, Jin and Li, Yuan},
  journal={The VLDB Journal},
  volume={24},
  number={2},
  pages={219--243},
  year={2015},
  publisher={Springer}
}

@article{lecun1998gradient,
  title={Gradient-based learning applied to document recognition},
  author={LeCun, Yann and Bottou, L{\'e}on and Bengio, Yoshua and Haffner, Patrick},
  journal={Proceedings of the IEEE},
  volume={86},
  number={11},
  pages={2278--2324},
  year={1998},
  publisher={IEEE}
}

@inproceedings{krizhevsky2012imagenet,
  title={Imagenet classification with deep convolutional neural networks},
  author={Krizhevsky, Alex and Sutskever, Ilya and Hinton, Geoffrey E},
  booktitle={Advances in neural information processing systems},
  pages={1097--1105},
  year={2012}
}

@inproceedings{zeiler2014visualizing,
  title={Visualizing and understanding convolutional networks},
  author={Zeiler, Matthew D and Fergus, Rob},
  booktitle={European Conference on Computer Vision},
  pages={818--833},
  year={2014},
  organization={Springer}
}

@inproceedings{krumm2006predestination,
  title={Predestination: Inferring destinations from partial trajectories},
  author={Krumm, John and Horvitz, Eric},
  booktitle={International Conference on Ubiquitous Computing},
  pages={243--260},
  year={2006},
  organization={Springer}
}

@inproceedings{wei2012constructing,
  title={Constructing popular routes from uncertain trajectories},
  author={Wei, Ling-Yin and Zheng, Yu and Peng, Wen-Chih},
  booktitle={Proceedings of the 18th ACM SIGKDD international conference on Knowledge discovery and data mining},
  pages={195--203},
  year={2012},
  organization={ACM}
}

@inproceedings{ziebart2008navigate,
  title={Navigate like a cabbie: Probabilistic reasoning from observed context-aware behavior},
  author={Ziebart, Brian D and Maas, Andrew L and Dey, Anind K and Bagnell, J Andrew},
  booktitle={Proceedings of the 10th international conference on Ubiquitous computing},
  pages={322--331},
  year={2008},
  organization={ACM}
}



@article{citation-0,
  title={T-DesP: Destination Prediction Based on Big Trajectory Data},
  author={Li, Xiang and Li, Mengting and Gong, Yue-Jiao and Zhang, Xing-Lin and Yin, Jian},
  journal={IEEE Transactions on Intelligent Transportation Systems},
  volume={17},
  number={8},
  pages={2344 - 2354},
  year={2016},
  publisher={IEEE}
}

@inproceedings{kim2007path,
  title={Path prediction of moving objects on road networks through analyzing past trajectories},
  author={Kim, Sang-Wook and Won, Jung-Im and Kim, Jong-Dae and Shin, Miyoung and Lee, Junghoon and Kim, Hanil},
  booktitle={International Conference on Knowledge-Based and Intelligent Information and Engineering Systems},
  pages={379--389},
  year={2007},
  organization={Springer}
}

@article{chen2010system,
  title={A system for destination and future route prediction based on trajectory mining},
  author={Chen, Ling and Lv, Mingqi and Chen, Gencai},
  journal={Pervasive and Mobile Computing},
  volume={6},
  number={6},
  pages={657--676},
  year={2010},
  publisher={Elsevier}
}

@inproceedings{chen2015predicting,
  title={Predicting Next Locations with Object Clustering and Trajectory Clustering},
  author={Chen, Meng and Liu, Yang and Yu, Xiaohui},
  booktitle={Pacific-Asia Conference on Knowledge Discovery and Data Mining},
  pages={344--356},
  year={2015},
  organization={Springer}
}

@article{besse2016destination,
  title={Destination Prediction by Trajectory Distribution Based Model},
  author={Besse, Philippe C and Guillouet, Brendan and Loubes, Jean-Michel and Royer, Fran{\c{c}}ois},
  journal={arXiv preprint arXiv:1605.03027},
  year={2016}
}

@article{alvarez2010trip,
  title={Trip destination prediction based on past GPS log using a Hidden Markov Model},
  author={Alvarez-Garcia, Juan Antonio and Ortega, Juan Antonio and Gonzalez-Abril, L and Velasco, Francisco},
  journal={Expert Systems with Applications},
  volume={37},
  number={12},
  pages={8166--8171},
  year={2010},
  publisher={Elsevier}
}

@inproceedings{yang2014predicting,
  title={Predicting next location using a variable order Markov model},
  author={Yang, Jie and Xu, Jian and Xu, Ming and Zheng, Ning and Chen, Yu},
  booktitle={Proceedings of the 5th ACM SIGSPATIAL International Workshop on GeoStreaming},
  pages={37--42},
  year={2014},
  organization={ACM}
}

@article{hochreiter1997long,
  title={Long short-term memory},
  author={Hochreiter, Sepp and Schmidhuber, J{\"u}rgen},
  journal={Neural computation},
  volume={9},
  number={8},
  pages={1735--1780},
  year={1997},
  publisher={MIT Press}
}

 
@misc{kaggle2015,
  author = {Kaggle},
  title = {Kaggle competition},
  howpublished = {https://www.kaggle.com/c/pkdd-15-predict-taxi-service-trajectory-i},
  year = {2015}
   
}
